<marc:record xmlns:marc="http://www.loc.gov/MARC21/slim"
             xmlns:xs="http://www.w3.org/2001/XMLSchema"
             xmlns:functx="http://www.functx.com">
   <marc:leader>     ntm  2200000uu 4500</marc:leader>
   <marc:controlfield tag="001">obj90793062</marc:controlfield>
   <marc:datafield tag="856" ind1="4" ind2="2">
      <marc:subfield code="3">Handschriftenkatalog</marc:subfield>
      <marc:subfield code="u">http://www.manuscripta-mediaevalia.de/dokumente/html/obj90793062</marc:subfield>
   </marc:datafield>
   <marc:controlfield tag="007">cr uuu---uuuuu</marc:controlfield>
   <marc:controlfield tag="008">||||||s2018|||||||||||||||||||||||||||||</marc:controlfield>
   <marc:datafield tag="912" ind1="" ind2="">
      <marc:subfield code="a">Andere Buchhandschriften</marc:subfield>
   </marc:datafield>
   <marc:datafield tag="024" ind1="7" ind2="">
      <marc:subfield code="a">urn:nbn:de:bsz:15-0012-177873</marc:subfield>
      <marc:subfield code="2">urn</marc:subfield>
   </marc:datafield>
   <marc:datafield tag="856" ind1="4" ind2="0">
      <marc:subfield code="u">http://nbn-resolving.de/urn:nbn:de:bsz:15-0012-177873</marc:subfield>
      <marc:subfield code="x">Digitalisierung</marc:subfield>
      <marc:subfield code="y">Online-Zugriff</marc:subfield>
   </marc:datafield>
   <marc:datafield tag="245" ind1="1" ind2="0">
      <marc:subfield code="a">Leipzig, Universitätsbibliothek Leipzig, Ms 526</marc:subfield>
   </marc:datafield>
   <marc:datafield tag="852" ind1="" ind2="">
      <marc:subfield code="a">Leipzig</marc:subfield>
   </marc:datafield>
   <marc:datafield tag="852" ind1="" ind2="">
      <marc:subfield code="a">DE-15</marc:subfield>
   </marc:datafield>
   <marc:datafield tag="852" ind1="8" ind2="1">
      <marc:subfield code="h">Ms 526</marc:subfield>
      <marc:subfield code="3">Signatur</marc:subfield>
   </marc:datafield>
   <marc:datafield tag="340" ind1="" ind2="">
      <marc:subfield code="a">Papier</marc:subfield>
   </marc:datafield>
   <marc:datafield tag="300" ind1="" ind2="">
      <marc:subfield code="a">324 Bll.</marc:subfield>
   </marc:datafield>
   <marc:datafield tag="300" ind1="" ind2="">
      <marc:subfield code="c">31 x 21 cm</marc:subfield>
   </marc:datafield>
   <marc:datafield tag="546" ind1="" ind2="">
      <marc:subfield code="a">lateinisch</marc:subfield>
   </marc:datafield>
   <marc:datafield tag="534" ind1="" ind2="">
      <marc:subfield code="c">Anfang des 15. Jahrhunderts</marc:subfield>
      <marc:subfield code="c">1409</marc:subfield>
   </marc:datafield>
   <marc:datafield tag="700" ind1="1" ind2="">
      <marc:subfield code="a">Aegidius &lt;Romanus&gt;?</marc:subfield>
      <marc:subfield code="1">http://d-nb.info/gnd/118500805</marc:subfield>
      <marc:subfield code="e">Autor</marc:subfield>
      <marc:subfield code="4">aut</marc:subfield>
   </marc:datafield>
   <marc:datafield tag="700" ind1="1" ind2="">
      <marc:subfield code="a">Haimo &lt;Altissiodorensis&gt;</marc:subfield>
      <marc:subfield code="1">http://d-nb.info/gnd/100945260</marc:subfield>
      <marc:subfield code="e">Autor</marc:subfield>
      <marc:subfield code="4">aut</marc:subfield>
   </marc:datafield>
   <marc:datafield tag="700" ind1="1" ind2="">
      <marc:subfield code="a">Aegidius Romanus (?)</marc:subfield>
      <marc:subfield code="1">http://d-nb.info/gnd/118500805</marc:subfield>
      <marc:subfield code="e">Autor</marc:subfield>
      <marc:subfield code="4">aut</marc:subfield>
   </marc:datafield>
   <marc:datafield tag="700" ind1="1" ind2="">
      <marc:subfield code="a">Haimo &lt;Altissiodorensis&gt;</marc:subfield>
      <marc:subfield code="1">http://d-nb.info/gnd/100945260</marc:subfield>
      <marc:subfield code="e">Autor</marc:subfield>
      <marc:subfield code="4">aut</marc:subfield>
   </marc:datafield>
   <marc:datafield tag="505" ind1="0" ind2="">
      <marc:subfield code="a">UV-Aufnahme -- leer -- Registrum alphabeticum in Aegidii super Ecclesiasten -- Super Ecclesiasten -- Expositio in Apocalypsin -- leer -- Lesezeichen 1 -- Lesezeichen 2 -- Farbkeil</marc:subfield>
   </marc:datafield>
   <marc:datafield tag="250" ind1="" ind2="">
      <marc:subfield code="a">Online-Ressource</marc:subfield>
   </marc:datafield>
   <marc:datafield tag="264" ind1="" ind2="1">
      <marc:subfield code="a">[Leipzig]</marc:subfield>
      <marc:subfield code="b">[Universitätsbibliothek Leipzig]</marc:subfield>
      <marc:subfield code="c">2018</marc:subfield>
   </marc:datafield>
   <marc:datafield tag="336" ind1="" ind2="">
      <marc:subfield code="a">Text</marc:subfield>
      <marc:subfield code="b">txt</marc:subfield>
      <marc:subfield code="2">rdacontent</marc:subfield>
   </marc:datafield>
   <marc:datafield tag="337" ind1="" ind2="">
      <marc:subfield code="a">Computermedien</marc:subfield>
      <marc:subfield code="b">c</marc:subfield>
      <marc:subfield code="2">rdamedia</marc:subfield>
   </marc:datafield>
   <marc:datafield tag="338" ind1="" ind2="">
      <marc:subfield code="a">Online-Ressource</marc:subfield>
      <marc:subfield code="b">cr</marc:subfield>
      <marc:subfield code="2">rdacarrier</marc:subfield>
   </marc:datafield>
</marc:record>
